@article{lda,
  title={Latent dirichlet allocation},
  author={Blei, David M and Ng, Andrew Y and Jordan, Michael I},
  journal={Journal of machine Learning research},
  volume={3},
  number={Jan},
  pages={993--1022},
  year={2003}
}
@inproceedings{gpudmm,
  title={Topic Modeling for Short Texts with Auxiliary Word Embeddings},
  author={Li, Chenliang and Wang, Haoran and Zhang, Zhiqian and Sun, Aixin and Ma, Zongyang},
  booktitle={Proceedings of the 39th International ACM SIGIR conference on Research and Development in Information Retrieval},
  pages={165--174},
  year={2016},
  organization={ACM}
}
@article{lfdmm,
  title={Improving Topic Models with Latent Feature Word Representations},
  author={Nguyen, Dat Quoc and Billingsley, Richard and Du, Lan and Johnson, Mark},
  journal={Transactions of the Association for Computational Linguistics},
  volume={3},
  pages={299--313},
  year={2015}
}
@inproceedings{plsa,
  title={Probabilistic latent semantic indexing},
  author={Hofmann, Thomas},
  booktitle={Proceedings of the 22nd annual international ACM SIGIR conference on Research and development in information retrieval},
  pages={50--57},
  year={1999},
  organization={ACM}
}
@inproceedings{wang,
  title={Topics over time: a non-Markov continuous-time model of topical trends},
  author={Wang, Xuerui and McCallum, Andrew},
  booktitle={Proceedings of the 12th ACM SIGKDD international conference on Knowledge discovery and data mining},
  pages={424--433},
  year={2006},
  organization={ACM}
}
@inproceedings{jin,
  title={Transferring topical knowledge from auxiliary long texts for short text clustering},
  author={Jin, Ou and Liu, Nathan N and Zhao, Kai and Yu, Yong and Yang, Qiang},
  booktitle={Proceedings of the 20th ACM international conference on Information and knowledge management},
  pages={775--784},
  year={2011},
  organization={ACM}
}
@inproceedings{phan,
  title={Learning to classify short and sparse text \& web with hidden topics from large-scale data collections},
  author={Phan, Xuan-Hieu and Nguyen, Le-Minh and Horiguchi, Susumu},
  booktitle={Proceedings of the 17th international conference on World Wide Web},
  pages={91--100},
  year={2008},
  organization={ACM}
}
@article{satm,
  title={Short and sparse text topic modeling via self-aggregation},
  author={Quan, Xiaojun and Kit, Chunyu and Ge, Yong and Pan, Sinno Jialin},
  journal={Proc. ICWSM},
  pages={2270--2276},
  year={2015}
}
@inproceedings{zhao,
  title={Comparing twitter and traditional media using topic models},
  author={Zhao, Wayne Xin and Jiang, Jing and Weng, Jianshu and He, Jing and Lim, Ee-Peng and Yan, Hongfei and Li, Xiaoming},
  booktitle={European Conference on Information Retrieval},
  pages={338--349},
  year={2011},
  organization={Springer}
}
@inproceedings{dmm,
  title={A dirichlet multinomial mixture model-based approach for short text clustering},
  author={Yin, Jianhua and Wang, Jianyong},
  booktitle={Proceedings of the 20th ACM SIGKDD international conference on Knowledge discovery and data mining},
  pages={233--242},
  year={2014},
  organization={ACM}
}
@inproceedings{btm,
  title={A biterm topic model for short texts},
  author={Yan, Xiaohui and Guo, Jiafeng and Lan, Yanyan and Cheng, Xueqi},
  booktitle={Proceedings of the 22nd international conference on World Wide Web},
  pages={1445--1456},
  year={2013},
  organization={ACM}
}
@misc{w2v,
  title={word2vec: Tool for computing continuous distributed representations of words},
  author={Mikolov, Tomas},
  year={2013}
}
@inproceedings{glove,
  title={Glove: Global Vectors for Word Representation.},
  author={Pennington, Jeffrey and Socher, Richard and Manning, Christopher D},
  booktitle={EMNLP},
  volume={14},
  pages={1532--43},
  year={2014}
}
@inproceedings{mehrotra,
  title={Improving lda topic models for microblogs via tweet pooling and automatic labeling},
  author={Mehrotra, Rishabh and Sanner, Scott and Buntine, Wray and Xie, Lexing},
  booktitle={Proceedings of the 36th international ACM SIGIR conference on Research and development in information retrieval},
  pages={889--892},
  year={2013},
  organization={ACM}
}
@ARTICLE{bowman:reasoning,
	AUTHOR = "Mic Bowman and Saumya K. Debray and Larry L. Peterson",
	TITLE = "Reasoning About Naming Systems",
	JOURNAL = "ACM Trans. Program. Lang. Syst.",
	VOLUME = {15},
	NUMBER = {5},
	PAGES = {795-825},
	MONTH = "November",
	YEAR = {1993}	}

@ARTICLE{braams:babel,
	AUTHOR = "Johannes Braams",
	TITLE = "Babel, a Multilingual Style-Option System for Use with LaTeX's Standard Document Styles",
	JOURNAL = {TUGboat},
	VOLUME = {12},
	NUMBER = {2},
	PAGES = {291-301},
	MONTH = "June",
	YEAR = {1991}	}

@INPROCEEDINGS{clark:pct,
	AUTHOR = "Malcolm Clark",
	TITLE = "Post Congress Tristesse",
	BOOKTITLE = "TeX90 Conference Proceedings",
	PAGES = "84-89",
	ORGANIZATION = "TeX Users Group",
	MONTH = "March", 
	YEAR = {1991}	}

@ARTICLE{herlihy:methodology,
	AUTHOR = "Maurice Herlihy",
	TITLE = "A Methodology for Implementing Highly Concurrent
	Data Objects",
	JOURNAL = {ACM Trans. Program. Lang. Syst.},
	VOLUME = {15},
	NUMBER = {5},
	PAGES = {745-770},
	MONTH = "November",
	YEAR = {1993}	}

@BOOK{Lamport:LaTeX,
	AUTHOR = "Leslie Lamport",
	TITLE = "LaTeX User's Guide and Document Reference Manual",
	PUBLISHER = "Addison-Wesley Publishing Company",
	ADDRESS = "Reading, Massachusetts",
	YEAR = "1986"	}

@BOOK{salas:calculus,
	AUTHOR = "S.L. Salas and Einar Hille",
	TITLE = "Calculus: One and Several Variable",
	PUBLISHER = "John Wiley and Sons",
	ADDRESS = "New York",
	YEAR = "1978"	}






